@book{Nowak,
Author = {R. Nowak and K. Smith},
Title = {Wpływ miesiączkowania pingwinów na kurs akcji},
Pages = {19},
Year = {2001} }

@article{Kowalski,
Author = {R. Buda and K. Smith},
Title = {Lans i bans},
Pages = {1966},
Year = {9001} }

@book{shu,
place={Mill Valley, CA},
title={The physics of astrophysics}, 
publisher={University Science Books}, 
author={Shu, Frank H.}, 
year={1992}}

@Book{elo,
author = {Kimono},
title = {Teraz albo nigdy},
publisher = {Ja},
year = {2019},
}
